@misc{imagetoimage,
      title={Image-to-Image Translation with Conditional Adversarial Networks}, 
      author={Phillip Isola and Jun-Yan Zhu and Tinghui Zhou and Alexei A. Efros},
      year={2018},
      eprint={1611.07004},
      archivePrefix={arXiv},
      primaryClass={cs.CV}
}

@misc{6247689,
  author={Xue, Tianfan and Liu, Jianzhuang and Tang, Xiaoou},
  booktitle={2012 IEEE Conference on Computer Vision and Pattern Recognition}, 
  title={Example-based 3D object reconstruction from line drawings}, 
  year={2012},
  volume={},
  number={},
  pages={302-309},
  doi={10.1109/CVPR.2012.6247689}}


@misc{pix2pix,
  title = {pix2pix: Image-to-image translation with a conditional GAN},
  howpublished = {\url{https://www.tensorflow.org/tutorials/generative/pix2pix}},
  note = {Accessed: 2023-12-01}
}


@misc{zheng2022deep,
      title={Deep Learning Assisted Optimization for 3D Reconstruction from Single 2D Line Drawings}, 
      author={Jia Zheng and Yifan Zhu and Kehan Wang and Qiang Zou and Zihan Zhou},
      year={2022},
      eprint={2209.02692},
      archivePrefix={arXiv},
      primaryClass={cs.CV}
}